@book{suter2009day,
  title={The Day the World Went Wacky},
  author={Suter, Janine},
  year={2009},
  publisher={New Leaf Publishing Group}
}
